@misc{EmerGNN,
      title={Emerging Drug Interaction Prediction Enabled by Flow-based Graph Neural Network with Biomedical Network}, 
      author={Yongqi Zhang and Quanming Yao and Ling Yue and Xian Wu and Ziheng Zhang and Zhenxi Lin and Yefeng Zheng},
      year={2023},
      eprint={2311.09261},
      archivePrefix={arXiv},
      primaryClass={q-bio.QM}
}
@misc{IDOLpro,
      title={Guided Multi-objective Generative AI to Enhance Structure-based Drug Design}, 
      author={Amit Kadan and Kevin Ryczko and Adrian Roitberg and Takeshi Yamazaki},
      year={2024},
      eprint={2405.11785},
      archivePrefix={arXiv},
      primaryClass={physics.chem-ph}
}
@article{SAGPool,
  title={Self-Attention Graph Pooling},
  author={Junhyun Lee, Inyeop Lee, Jaewoo Kang},
  year={2019},
  url={https://arxiv.org/abs/1904.08082}
}
@article{DGNN-DDI,
  title={A dual graph neural network for drug–drug interactions prediction based on molecular structure and interactions},
  author={Mei Ma, Xiujuan Lei},
  year={2023},
  url={https://journals.plos.org/ploscompbiol/article?id=10.1371/journal.pcbi.1010812}
}
@article{survey,
   title={Comprehensive evaluation of deep and graph learning on drug–drug interactions prediction},
   volume={24},
   ISSN={1477-4054},
   url={http://dx.doi.org/10.1093/bib/bbad235},
   DOI={10.1093/bib/bbad235},
   number={4},
   journal={Briefings in Bioinformatics},
   publisher={Oxford University Press (OUP)},
   author={Lin, Xuan and Dai, Lichang and Zhou, Yafang and Yu, Zu-Guo and Zhang, Wen and Shi, Jian-Yu and Cao, Dong-Sheng and Zeng, Li and Chen, Haowen and Song, Bosheng and Yu, Philip S and Zeng, Xiangxiang},
   year={2023},
   month=jul }

@misc{GAT,
      title={Graph Attention Networks}, 
      author={Petar Veličković and Guillem Cucurull and Arantxa Casanova and Adriana Romero and Pietro Liò and Yoshua Bengio},
      year={2018},
      eprint={1710.10903},
      archivePrefix={arXiv},
      primaryClass={stat.ML}
}
@article{GCN,
  title={Semi-Supervised Classification with Graph Convolutional Networks},
  author={Thomas N. Kipf, Max Welling},
  year={2017},
  url={https://arxiv.org/abs/1609.02907}
}

